<record><leader>00000cas a2200000 a 4500</leader><controlfield tag="001">9311731</controlfield><controlfield tag="008">830315d18231832dcucn ne      0    0eng  </controlfield><datafield ind1=" " ind2=" " tag="010"><subfield code="a">sn 82016406 </subfield></datafield><datafield ind1=" " ind2=" " tag="040"><subfield code="a">DLC</subfield><subfield code="b">eng</subfield><subfield code="c">DLC</subfield><subfield code="d">NPU</subfield><subfield code="d">NPV</subfield><subfield code="d">NPA</subfield><subfield code="d">NPY</subfield><subfield code="d">NPA</subfield><subfield code="d">NPX</subfield><subfield code="d">NLG</subfield><subfield code="d">KNP</subfield><subfield code="d">MGN</subfield><subfield code="d">NVF</subfield><subfield code="d">MGN</subfield><subfield code="d">NVK</subfield><subfield code="d">CNK</subfield><subfield code="d">DLC</subfield><subfield code="d">CVF</subfield><subfield code="d">OCL</subfield><subfield code="d">OCLCQ</subfield><subfield code="d">OCLCO</subfield><subfield code="d">OCLCF</subfield></datafield><datafield ind1=" " ind2=" " tag="042"><subfield code="a">pcc</subfield></datafield><datafield ind1=" " ind2=" " tag="043"><subfield code="a">n-us-dc</subfield></datafield><datafield ind1="0" ind2=" " tag="130"><subfield code="a">National journal (Washington, D.C.)</subfield></datafield><datafield ind1="1" ind2="0" tag="245"><subfield code="a">National journal.</subfield></datafield><datafield ind1=" " ind2=" " tag="260"><subfield code="a">Washington, D.C. :</subfield><subfield code="b">Peter Force,</subfield><subfield code="c">1823-</subfield></datafield><datafield ind1=" " ind2=" " tag="300"><subfield code="a">v. ;</subfield><subfield code="c">50-59 cm.</subfield></datafield><datafield ind1=" " ind2=" " tag="310"><subfield code="a">Semiweekly (triweekly during the sessions of Congress),</subfield><subfield code="b">July 17, 1824-1832</subfield></datafield><datafield ind1=" " ind2=" " tag="321"><subfield code="a">Semiweekly,</subfield><subfield code="b">1823-July 14, 1824</subfield></datafield><datafield ind1="0" ind2=" " tag="362"><subfield code="a">Vol. 1, no. 1 (Nov. 12, 1823)-</subfield></datafield><datafield ind1="1" ind2=" " tag="362"><subfield code="a">Ceased Jan. 23, 1832.</subfield></datafield><datafield ind1=" " ind2=" " tag="500"><subfield code="a">Editor varies: Peter Force, 1823-1830; John Agg, 1831-1832.</subfield></datafield><datafield ind1=" " ind2=" " tag="500"><subfield code="a">Publisher varies: Peter Force, 1823-1830; George Watterston, 1830; Thom. L. Thruston, 1830; William Duncan, 1830-1831; William Prentiss, 1831-1832.</subfield></datafield><datafield ind1=" " ind2=" " tag="515"><subfield code="a">Prospectus issued Aug. 23, 1823.</subfield></datafield><datafield ind1=" " ind2=" " tag="580"><subfield code="a">During 1823-1824, for the compilations of official documents and reports of Congressional proceedings, issued: National journal [extra.]; National government journal, and register of official papers.</subfield></datafield><datafield ind1=" " ind2="0" tag="651"><subfield code="a">Washington (D.C.)</subfield><subfield code="v">Newspapers.</subfield></datafield><datafield ind1=" " ind2="7" tag="655"><subfield code="a">Newspapers.</subfield><subfield code="2">fast</subfield><subfield code="0">(OCoLC)fst01423814</subfield></datafield><datafield ind1=" " ind2="7" tag="651"><subfield code="a">Washington (D.C.)</subfield><subfield code="2">fast</subfield><subfield code="0">(OCoLC)fst01204505</subfield></datafield><datafield ind1=" " ind2=" " tag="752"><subfield code="a">United States</subfield><subfield code="b">District of Columbia</subfield><subfield code="d">Washington.</subfield></datafield><datafield ind1="0" ind2=" " tag="775"><subfield code="t">Daily national journal</subfield><subfield code="w">(DLC)sn 83045660</subfield></datafield><datafield ind1="0" ind2="5" tag="780"><subfield code="t">Washington Republican and Congressional examiner (Washington, D.C. : Triweekly)</subfield><subfield code="g">1824</subfield><subfield code="w">(DLC)sn 82006799</subfield></datafield><datafield ind1="1" ind2=" " tag="787"><subfield code="t">National journal [extra.]</subfield><subfield code="w">(OCoLC)7535625</subfield></datafield><datafield ind1="1" ind2=" " tag="787"><subfield code="t">National government journal, and register of official papers</subfield><subfield code="w">(OCoLC)7458423</subfield></datafield></record>